%YAML 1.1
%TAG !u! tag:unity3d.com,2011:
--- !u!29 &1
SceneSettings:
  m_ObjectHideFlags: 0
  m_PVSData: 
  m_PVSObjectsArray: []
  m_PVSPortalsArray: []
  m_OcclusionBakeSettings:
    smallestOccluder: 5
    smallestHole: .25
    backfaceThreshold: 100
--- !u!104 &2
RenderSettings:
  m_Fog: 0
  m_FogColor: {r: .5, g: .5, b: .5, a: 1}
  m_FogMode: 3
  m_FogDensity: .00999999978
  m_LinearFogStart: 0
  m_LinearFogEnd: 300
  m_AmbientLight: {r: .200000003, g: .200000003, b: .200000003, a: 1}
  m_SkyboxMaterial: {fileID: 0}
  m_HaloStrength: .5
  m_FlareStrength: 1
  m_FlareFadeSpeed: 3
  m_HaloTexture: {fileID: 0}
  m_SpotCookie: {fileID: 0}
  m_ObjectHideFlags: 0
--- !u!127 &3
LevelGameManager:
  m_ObjectHideFlags: 0
--- !u!157 &4
LightmapSettings:
  m_ObjectHideFlags: 0
  m_LightProbes: {fileID: 0}
  m_Lightmaps: []
  m_LightmapsMode: 1
  m_BakedColorSpace: 0
  m_UseDualLightmapsInForward: 0
  m_LightmapEditorSettings:
    m_Resolution: 50
    m_LastUsedResolution: 0
    m_TextureWidth: 1024
    m_TextureHeight: 1024
    m_BounceBoost: 1
    m_BounceIntensity: 1
    m_SkyLightColor: {r: .860000014, g: .930000007, b: 1, a: 1}
    m_SkyLightIntensity: 0
    m_Quality: 0
    m_Bounces: 1
    m_FinalGatherRays: 1000
    m_FinalGatherContrastThreshold: .0500000007
    m_FinalGatherGradientThreshold: 0
    m_FinalGatherInterpolationPoints: 15
    m_AOAmount: 0
    m_AOMaxDistance: .100000001
    m_AOContrast: 1
    m_LODSurfaceMappingDistance: 1
    m_Padding: 0
    m_TextureCompression: 0
    m_LockAtlas: 0
--- !u!196 &5
NavMeshSettings:
  m_ObjectHideFlags: 0
  m_BuildSettings:
    agentRadius: .5
    agentHeight: 2
    agentSlope: 45
    agentClimb: .400000006
    ledgeDropHeight: 0
    maxJumpAcrossDistance: 0
    accuratePlacement: 0
    minRegionArea: 2
    widthInaccuracy: 16.666666
    heightInaccuracy: 10
  m_NavMesh: {fileID: 0}
--- !u!1 &181861471
GameObject:
  m_ObjectHideFlags: 0
  m_PrefabParentObject: {fileID: 186904, guid: 033a24ce9b5729d42a7daec55e6e30d0, type: 2}
  m_PrefabInternal: {fileID: 1797290917}
  serializedVersion: 4
  m_Component:
  - 4: {fileID: 181861472}
  - 114: {fileID: 181861476}
  - 114: {fileID: 181861475}
  - 114: {fileID: 181861474}
  - 148: {fileID: 181861473}
  m_Layer: 0
  m_Name: NetworkManager
  m_TagString: Untagged
  m_Icon: {fileID: 0}
  m_NavMeshLayer: 0
  m_StaticEditorFlags: 0
  m_IsActive: 1
--- !u!4 &181861472
Transform:
  m_ObjectHideFlags: 0
  m_PrefabParentObject: {fileID: 486904, guid: 033a24ce9b5729d42a7daec55e6e30d0, type: 2}
  m_PrefabInternal: {fileID: 1797290917}
  m_GameObject: {fileID: 181861471}
  m_LocalRotation: {x: 0, y: 0, z: 0, w: 1}
  m_LocalPosition: {x: 0, y: 0, z: 0}
  m_LocalScale: {x: 1, y: 1, z: 1}
  m_Children: []
  m_Father: {fileID: 931844207}
  m_RootOrder: 2
--- !u!148 &181861473
NetworkView:
  m_ObjectHideFlags: 0
  m_PrefabParentObject: {fileID: 14813356, guid: 033a24ce9b5729d42a7daec55e6e30d0,
    type: 2}
  m_PrefabInternal: {fileID: 1797290917}
  m_GameObject: {fileID: 181861471}
  m_Enabled: 1
  m_StateSynchronization: 1
  m_Observed: {fileID: 181861472}
  m_ViewID:
    m_ID: 1
    m_Type: 1
--- !u!114 &181861474
MonoBehaviour:
  m_ObjectHideFlags: 0
  m_PrefabParentObject: {fileID: 11486902, guid: 033a24ce9b5729d42a7daec55e6e30d0,
    type: 2}
  m_PrefabInternal: {fileID: 1797290917}
  m_GameObject: {fileID: 181861471}
  m_Enabled: 1
  m_EditorHideFlags: 0
  m_Script: {fileID: 11500000, guid: a22d9500a223874468a0a378706c73ba, type: 3}
  m_Name: 
  m_EditorClassIdentifier: 
--- !u!114 &181861475
MonoBehaviour:
  m_ObjectHideFlags: 0
  m_PrefabParentObject: {fileID: 11486904, guid: 033a24ce9b5729d42a7daec55e6e30d0,
    type: 2}
  m_PrefabInternal: {fileID: 1797290917}
  m_GameObject: {fileID: 181861471}
  m_Enabled: 1
  m_EditorHideFlags: 0
  m_Script: {fileID: 11500000, guid: d8576a546a3bace4ca95e8095f8bf741, type: 3}
  m_Name: 
  m_EditorClassIdentifier: 
--- !u!114 &181861476
MonoBehaviour:
  m_ObjectHideFlags: 0
  m_PrefabParentObject: {fileID: 11486900, guid: 033a24ce9b5729d42a7daec55e6e30d0,
    type: 2}
  m_PrefabInternal: {fileID: 1797290917}
  m_GameObject: {fileID: 181861471}
  m_Enabled: 1
  m_EditorHideFlags: 0
  m_Script: {fileID: 11500000, guid: ec0b32d25eea7374aa3df408bac0c79c, type: 3}
  m_Name: 
  m_EditorClassIdentifier: 
  _gamePublicName: Underground
  _serverPort: 42142
  _masterServerIP: citadel.natsirtt.com
  _masterServerPort: 23466
  _facilitatorServerIP: citadel.natsirtt.com
  _facilitatorServerPort: 50005
--- !u!1 &307481634
GameObject:
  m_ObjectHideFlags: 0
  m_PrefabParentObject: {fileID: 135822, guid: 033a24ce9b5729d42a7daec55e6e30d0, type: 2}
  m_PrefabInternal: {fileID: 1797290917}
  serializedVersion: 4
  m_Component:
  - 4: {fileID: 307481635}
  - 114: {fileID: 307481636}
  m_Layer: 0
  m_Name: PlayerManager
  m_TagString: Untagged
  m_Icon: {fileID: 0}
  m_NavMeshLayer: 0
  m_StaticEditorFlags: 0
  m_IsActive: 1
--- !u!4 &307481635
Transform:
  m_ObjectHideFlags: 0
  m_PrefabParentObject: {fileID: 435822, guid: 033a24ce9b5729d42a7daec55e6e30d0, type: 2}
  m_PrefabInternal: {fileID: 1797290917}
  m_GameObject: {fileID: 307481634}
  m_LocalRotation: {x: 0, y: 0, z: 0, w: 1}
  m_LocalPosition: {x: -.403433979, y: -.250013351, z: .001953125}
  m_LocalScale: {x: 1, y: 1, z: 1}
  m_Children:
  - {fileID: 411752728}
  - {fileID: 447093905}
  - {fileID: 742747729}
  m_Father: {fileID: 931844207}
  m_RootOrder: 7
--- !u!114 &307481636
MonoBehaviour:
  m_ObjectHideFlags: 0
  m_PrefabParentObject: {fileID: 11410720, guid: 033a24ce9b5729d42a7daec55e6e30d0,
    type: 2}
  m_PrefabInternal: {fileID: 1797290917}
  m_GameObject: {fileID: 307481634}
  m_Enabled: 1
  m_EditorHideFlags: 0
  m_Script: {fileID: 11500000, guid: 975fcd73708f2ea4991b125d1181636c, type: 3}
  m_Name: 
  m_EditorClassIdentifier: 
  _playersList:
  - {fileID: 411752729}
  - {fileID: 447093906}
  - {fileID: 742747731}
--- !u!1 &318160890
GameObject:
  m_ObjectHideFlags: 0
  m_PrefabParentObject: {fileID: 143394, guid: 033a24ce9b5729d42a7daec55e6e30d0, type: 2}
  m_PrefabInternal: {fileID: 1797290917}
  serializedVersion: 4
  m_Component:
  - 4: {fileID: 318160891}
  - 108: {fileID: 318160892}
  m_Layer: 0
  m_Name: Point light
  m_TagString: Untagged
  m_Icon: {fileID: 0}
  m_NavMeshLayer: 0
  m_StaticEditorFlags: 0
  m_IsActive: 1
--- !u!4 &318160891
Transform:
  m_ObjectHideFlags: 0
  m_PrefabParentObject: {fileID: 443394, guid: 033a24ce9b5729d42a7daec55e6e30d0, type: 2}
  m_PrefabInternal: {fileID: 1797290917}
  m_GameObject: {fileID: 318160890}
  m_LocalRotation: {x: 0, y: 0, z: 0, w: 1}
  m_LocalPosition: {x: 3.16746807, y: 1.69054794, z: 11.1434765}
  m_LocalScale: {x: 1, y: 1, z: 1}
  m_Children: []
  m_Father: {fileID: 1608616377}
  m_RootOrder: 0
--- !u!108 &318160892
Light:
  m_ObjectHideFlags: 0
  m_PrefabParentObject: {fileID: 10843394, guid: 033a24ce9b5729d42a7daec55e6e30d0,
    type: 2}
  m_PrefabInternal: {fileID: 1797290917}
  m_GameObject: {fileID: 318160890}
  m_Enabled: 1
  serializedVersion: 3
  m_Type: 2
  m_Color: {r: .742647052, g: .25665006, b: .25665006, a: 1}
  m_Intensity: 1
  m_Range: 10.1024551
  m_SpotAngle: 30
  m_CookieSize: 10
  m_Shadows:
    m_Type: 0
    m_Resolution: -1
    m_Strength: 1
    m_Bias: .0500000007
    m_Softness: 4
    m_SoftnessFade: 1
  m_Cookie: {fileID: 0}
  m_DrawHalo: 0
  m_ActuallyLightmapped: 0
  m_Flare: {fileID: 0}
  m_RenderMode: 0
  m_CullingMask:
    serializedVersion: 2
    m_Bits: 4294967295
  m_Lightmapping: 1
  m_ShadowSamples: 1
  m_ShadowRadius: 0
  m_ShadowAngle: 0
  m_IndirectIntensity: 1
  m_AreaSize: {x: 1, y: 1}
--- !u!1 &380783453
GameObject:
  m_ObjectHideFlags: 0
  m_PrefabParentObject: {fileID: 143388, guid: 033a24ce9b5729d42a7daec55e6e30d0, type: 2}
  m_PrefabInternal: {fileID: 1797290917}
  serializedVersion: 4
  m_Component:
  - 4: {fileID: 380783455}
  - 108: {fileID: 380783454}
  m_Layer: 0
  m_Name: Point light
  m_TagString: Untagged
  m_Icon: {fileID: 0}
  m_NavMeshLayer: 0
  m_StaticEditorFlags: 0
  m_IsActive: 1
--- !u!108 &380783454
Light:
  m_ObjectHideFlags: 0
  m_PrefabParentObject: {fileID: 10843386, guid: 033a24ce9b5729d42a7daec55e6e30d0,
    type: 2}
  m_PrefabInternal: {fileID: 1797290917}
  m_GameObject: {fileID: 380783453}
  m_Enabled: 1
  serializedVersion: 3
  m_Type: 2
  m_Color: {r: .742647052, g: .25665006, b: .25665006, a: 1}
  m_Intensity: 1
  m_Range: 10.1024551
  m_SpotAngle: 30
  m_CookieSize: 10
  m_Shadows:
    m_Type: 0
    m_Resolution: -1
    m_Strength: 1
    m_Bias: .0500000007
    m_Softness: 4
    m_SoftnessFade: 1
  m_Cookie: {fileID: 0}
  m_DrawHalo: 0
  m_ActuallyLightmapped: 0
  m_Flare: {fileID: 0}
  m_RenderMode: 0
  m_CullingMask:
    serializedVersion: 2
    m_Bits: 4294967295
  m_Lightmapping: 1
  m_ShadowSamples: 1
  m_ShadowRadius: 0
  m_ShadowAngle: 0
  m_IndirectIntensity: 1
  m_AreaSize: {x: 1, y: 1}
--- !u!4 &380783455
Transform:
  m_ObjectHideFlags: 0
  m_PrefabParentObject: {fileID: 443386, guid: 033a24ce9b5729d42a7daec55e6e30d0, type: 2}
  m_PrefabInternal: {fileID: 1797290917}
  m_GameObject: {fileID: 380783453}
  m_LocalRotation: {x: 0, y: 0, z: 0, w: 1}
  m_LocalPosition: {x: -3.37253189, y: 1.91054797, z: 11.1434765}
  m_LocalScale: {x: 1, y: 1, z: 1}
  m_Children: []
  m_Father: {fileID: 1608616377}
  m_RootOrder: 3
--- !u!1 &411752727
GameObject:
  m_ObjectHideFlags: 0
  m_PrefabParentObject: {fileID: 135826, guid: 033a24ce9b5729d42a7daec55e6e30d0, type: 2}
  m_PrefabInternal: {fileID: 1797290917}
  serializedVersion: 4
  m_Component:
  - 4: {fileID: 411752728}
  - 114: {fileID: 411752729}
  - 212: {fileID: 411752730}
  m_Layer: 0
  m_Name: PlayerA
  m_TagString: Untagged
  m_Icon: {fileID: 0}
  m_NavMeshLayer: 0
  m_StaticEditorFlags: 0
  m_IsActive: 1
--- !u!4 &411752728
Transform:
  m_ObjectHideFlags: 0
  m_PrefabParentObject: {fileID: 435826, guid: 033a24ce9b5729d42a7daec55e6e30d0, type: 2}
  m_PrefabInternal: {fileID: 1797290917}
  m_GameObject: {fileID: 411752727}
  m_LocalRotation: {x: 0, y: 0, z: 0, w: 1}
  m_LocalPosition: {x: -.591664553, y: -.0530251265, z: -2.15039062}
  m_LocalScale: {x: 1.83365726, y: 1.83365798, z: 1.83365798}
  m_Children: []
  m_Father: {fileID: 307481635}
  m_RootOrder: 0
--- !u!114 &411752729
MonoBehaviour:
  m_ObjectHideFlags: 0
  m_PrefabParentObject: {fileID: 11435826, guid: 033a24ce9b5729d42a7daec55e6e30d0,
    type: 2}
  m_PrefabInternal: {fileID: 1797290917}
  m_GameObject: {fileID: 411752727}
  m_Enabled: 1
  m_EditorHideFlags: 0
  m_Script: {fileID: 11500000, guid: ebeddbf40b70fc544a49ea05036cf8ac, type: 3}
  m_Name: 
  m_EditorClassIdentifier: 
  mTimeForOneMove: 0
  _hpMax: 0
  _pvCurrent: 0
  _apMax: 0
  _apCurrent: 0
  _movementMax: 0
  _id: 1
  _color: {r: 0, g: 0, b: 0, a: 1}
--- !u!212 &411752730
SpriteRenderer:
  m_ObjectHideFlags: 0
  m_PrefabParentObject: {fileID: 21224222, guid: 033a24ce9b5729d42a7daec55e6e30d0,
    type: 2}
  m_PrefabInternal: {fileID: 1797290917}
  m_GameObject: {fileID: 411752727}
  m_Enabled: 1
  m_CastShadows: 0
  m_ReceiveShadows: 0
  m_LightmapIndex: 255
  m_LightmapTilingOffset: {x: 1, y: 1, z: 0, w: 0}
  m_Materials:
  - {fileID: 10754, guid: 0000000000000000e000000000000000, type: 0}
  m_SubsetIndices: 
  m_StaticBatchRoot: {fileID: 0}
  m_UseLightProbes: 0
  m_LightProbeAnchor: {fileID: 0}
  m_ScaleInLightmap: 1
  m_SortingLayerID: 0
  m_SortingOrder: 0
  m_Sprite: {fileID: 21300000, guid: 087cb273ee3fbfd4795b92cdd97814f5, type: 3}
  m_Color: {r: 1, g: 1, b: 1, a: 1}
--- !u!1 &447093904
GameObject:
  m_ObjectHideFlags: 0
  m_PrefabParentObject: {fileID: 135824, guid: 033a24ce9b5729d42a7daec55e6e30d0, type: 2}
  m_PrefabInternal: {fileID: 1797290917}
  serializedVersion: 4
  m_Component:
  - 4: {fileID: 447093905}
  - 114: {fileID: 447093906}
  - 212: {fileID: 447093907}
  m_Layer: 0
  m_Name: PlayerB
  m_TagString: Untagged
  m_Icon: {fileID: 0}
  m_NavMeshLayer: 0
  m_StaticEditorFlags: 0
  m_IsActive: 1
--- !u!4 &447093905
Transform:
  m_ObjectHideFlags: 0
  m_PrefabParentObject: {fileID: 435824, guid: 033a24ce9b5729d42a7daec55e6e30d0, type: 2}
  m_PrefabInternal: {fileID: 1797290917}
  m_GameObject: {fileID: 447093904}
  m_LocalRotation: {x: 0, y: 0, z: 0, w: 1}
  m_LocalPosition: {x: -.591664553, y: -.0530251265, z: -2.15039062}
  m_LocalScale: {x: 1.83365726, y: 1.83365798, z: 1.83365798}
  m_Children: []
  m_Father: {fileID: 307481635}
  m_RootOrder: 1
--- !u!114 &447093906
MonoBehaviour:
  m_ObjectHideFlags: 0
  m_PrefabParentObject: {fileID: 11435824, guid: 033a24ce9b5729d42a7daec55e6e30d0,
    type: 2}
  m_PrefabInternal: {fileID: 1797290917}
  m_GameObject: {fileID: 447093904}
  m_Enabled: 1
  m_EditorHideFlags: 0
  m_Script: {fileID: 11500000, guid: ebeddbf40b70fc544a49ea05036cf8ac, type: 3}
  m_Name: 
  m_EditorClassIdentifier: 
  mTimeForOneMove: 0
  _hpMax: 0
  _pvCurrent: 0
  _apMax: 0
  _apCurrent: 0
  _movementMax: 0
  _id: 2
  _color: {r: .845588207, g: .0248702653, b: .788987041, a: 1}
--- !u!212 &447093907
SpriteRenderer:
  m_ObjectHideFlags: 0
  m_PrefabParentObject: {fileID: 21224220, guid: 033a24ce9b5729d42a7daec55e6e30d0,
    type: 2}
  m_PrefabInternal: {fileID: 1797290917}
  m_GameObject: {fileID: 447093904}
  m_Enabled: 1
  m_CastShadows: 0
  m_ReceiveShadows: 0
  m_LightmapIndex: 255
  m_LightmapTilingOffset: {x: 1, y: 1, z: 0, w: 0}
  m_Materials:
  - {fileID: 10754, guid: 0000000000000000e000000000000000, type: 0}
  m_SubsetIndices: 
  m_StaticBatchRoot: {fileID: 0}
  m_UseLightProbes: 0
  m_LightProbeAnchor: {fileID: 0}
  m_ScaleInLightmap: 1
  m_SortingLayerID: 0
  m_SortingOrder: 0
  m_Sprite: {fileID: 21300000, guid: 087cb273ee3fbfd4795b92cdd97814f5, type: 3}
  m_Color: {r: 1, g: 1, b: 1, a: 1}
--- !u!1 &742747728
GameObject:
  m_ObjectHideFlags: 0
  m_PrefabParentObject: {fileID: 135828, guid: 033a24ce9b5729d42a7daec55e6e30d0, type: 2}
  m_PrefabInternal: {fileID: 1797290917}
  serializedVersion: 4
  m_Component:
  - 4: {fileID: 742747729}
  - 114: {fileID: 742747731}
  - 212: {fileID: 742747730}
  m_Layer: 0
  m_Name: PlayerC
  m_TagString: Untagged
  m_Icon: {fileID: 0}
  m_NavMeshLayer: 0
  m_StaticEditorFlags: 0
  m_IsActive: 1
--- !u!4 &742747729
Transform:
  m_ObjectHideFlags: 0
  m_PrefabParentObject: {fileID: 435828, guid: 033a24ce9b5729d42a7daec55e6e30d0, type: 2}
  m_PrefabInternal: {fileID: 1797290917}
  m_GameObject: {fileID: 742747728}
  m_LocalRotation: {x: 0, y: 0, z: 0, w: 1}
  m_LocalPosition: {x: -.591664553, y: -.0530251265, z: -2.15039062}
  m_LocalScale: {x: 1.83365726, y: 1.83365798, z: 1.83365798}
  m_Children: []
  m_Father: {fileID: 307481635}
  m_RootOrder: 2
--- !u!212 &742747730
SpriteRenderer:
  m_ObjectHideFlags: 0
  m_PrefabParentObject: {fileID: 21224218, guid: 033a24ce9b5729d42a7daec55e6e30d0,
    type: 2}
  m_PrefabInternal: {fileID: 1797290917}
  m_GameObject: {fileID: 742747728}
  m_Enabled: 1
  m_CastShadows: 0
  m_ReceiveShadows: 0
  m_LightmapIndex: 255
  m_LightmapTilingOffset: {x: 1, y: 1, z: 0, w: 0}
  m_Materials:
  - {fileID: 10754, guid: 0000000000000000e000000000000000, type: 0}
  m_SubsetIndices: 
  m_StaticBatchRoot: {fileID: 0}
  m_UseLightProbes: 0
  m_LightProbeAnchor: {fileID: 0}
  m_ScaleInLightmap: 1
  m_SortingLayerID: 0
  m_SortingOrder: 0
  m_Sprite: {fileID: 21300000, guid: 087cb273ee3fbfd4795b92cdd97814f5, type: 3}
  m_Color: {r: 1, g: 1, b: 1, a: 1}
--- !u!114 &742747731
MonoBehaviour:
  m_ObjectHideFlags: 0
  m_PrefabParentObject: {fileID: 11435828, guid: 033a24ce9b5729d42a7daec55e6e30d0,
    type: 2}
  m_PrefabInternal: {fileID: 1797290917}
  m_GameObject: {fileID: 742747728}
  m_Enabled: 1
  m_EditorHideFlags: 0
  m_Script: {fileID: 11500000, guid: ebeddbf40b70fc544a49ea05036cf8ac, type: 3}
  m_Name: 
  m_EditorClassIdentifier: 
  mTimeForOneMove: 0
  _hpMax: 0
  _pvCurrent: 0
  _apMax: 0
  _apCurrent: 0
  _movementMax: 0
  _id: 3
  _color: {r: .204627976, g: .610294104, b: .103211492, a: 1}
--- !u!1 &931844206
GameObject:
  m_ObjectHideFlags: 0
  m_PrefabParentObject: {fileID: 198976, guid: 033a24ce9b5729d42a7daec55e6e30d0, type: 2}
  m_PrefabInternal: {fileID: 1797290917}
  serializedVersion: 4
  m_Component:
  - 4: {fileID: 931844207}
  m_Layer: 0
  m_Name: Managers
  m_TagString: Untagged
  m_Icon: {fileID: 0}
  m_NavMeshLayer: 0
  m_StaticEditorFlags: 0
  m_IsActive: 1
--- !u!4 &931844207
Transform:
  m_ObjectHideFlags: 0
  m_PrefabParentObject: {fileID: 498976, guid: 033a24ce9b5729d42a7daec55e6e30d0, type: 2}
  m_PrefabInternal: {fileID: 1797290917}
  m_GameObject: {fileID: 931844206}
  m_LocalRotation: {x: 0, y: 0, z: 0, w: 1}
  m_LocalPosition: {x: 0, y: 0, z: 0}
  m_LocalScale: {x: 1, y: 1, z: 1}
  m_Children:
  - {fileID: 1505976252}
  - {fileID: 1814998050}
  - {fileID: 181861472}
  - {fileID: 1765478745}
  - {fileID: 1980357451}
  - {fileID: 1719976471}
  - {fileID: 1146804131}
  - {fileID: 307481635}
  - {fileID: 1060318130}
  - {fileID: 1486079794}
  m_Father: {fileID: 1532690628}
  m_RootOrder: 0
--- !u!1 &1060318129
GameObject:
  m_ObjectHideFlags: 0
  m_PrefabParentObject: {fileID: 158992, guid: 033a24ce9b5729d42a7daec55e6e30d0, type: 2}
  m_PrefabInternal: {fileID: 1797290917}
  serializedVersion: 4
  m_Component:
  - 4: {fileID: 1060318130}
  - 114: {fileID: 1060318131}
  m_Layer: 0
  m_Name: ObjectiveManager
  m_TagString: Untagged
  m_Icon: {fileID: 0}
  m_NavMeshLayer: 0
  m_StaticEditorFlags: 0
  m_IsActive: 1
--- !u!4 &1060318130
Transform:
  m_ObjectHideFlags: 0
  m_PrefabParentObject: {fileID: 458992, guid: 033a24ce9b5729d42a7daec55e6e30d0, type: 2}
  m_PrefabInternal: {fileID: 1797290917}
  m_GameObject: {fileID: 1060318129}
  m_LocalRotation: {x: 0, y: 0, z: 0, w: 1}
  m_LocalPosition: {x: -.403433979, y: -.250013351, z: .001953125}
  m_LocalScale: {x: 1, y: 1, z: 1}
  m_Children: []
  m_Father: {fileID: 931844207}
  m_RootOrder: 8
--- !u!114 &1060318131
MonoBehaviour:
  m_ObjectHideFlags: 0
  m_PrefabParentObject: {fileID: 11458990, guid: 033a24ce9b5729d42a7daec55e6e30d0,
    type: 2}
  m_PrefabInternal: {fileID: 1797290917}
  m_GameObject: {fileID: 1060318129}
  m_Enabled: 1
  m_EditorHideFlags: 0
  m_Script: {fileID: 11500000, guid: 1073cb4273307e34ba1082150f6efb33, type: 3}
  m_Name: 
  m_EditorClassIdentifier: 
  _objective: {fileID: 0}
--- !u!1 &1133596707
GameObject:
  m_ObjectHideFlags: 0
  m_PrefabParentObject: {fileID: 117350, guid: 033a24ce9b5729d42a7daec55e6e30d0, type: 2}
  m_PrefabInternal: {fileID: 1797290917}
  serializedVersion: 4
  m_Component:
  - 4: {fileID: 1133596708}
  - 114: {fileID: 1133596710}
  - 212: {fileID: 1133596709}
  m_Layer: 0
  m_Name: PawnPlayerC
  m_TagString: Untagged
  m_Icon: {fileID: 0}
  m_NavMeshLayer: 0
  m_StaticEditorFlags: 0
  m_IsActive: 1
--- !u!4 &1133596708
Transform:
  m_ObjectHideFlags: 0
  m_PrefabParentObject: {fileID: 417350, guid: 033a24ce9b5729d42a7daec55e6e30d0, type: 2}
  m_PrefabInternal: {fileID: 1797290917}
  m_GameObject: {fileID: 1133596707}
  m_LocalRotation: {x: 0, y: 0, z: 0, w: 1}
  m_LocalPosition: {x: 0, y: -0, z: 0}
  m_LocalScale: {x: 1, y: 1, z: 1}
  m_Children: []
  m_Father: {fileID: 1146804131}
  m_RootOrder: 2
--- !u!212 &1133596709
SpriteRenderer:
  m_ObjectHideFlags: 0
  m_PrefabParentObject: {fileID: 21224224, guid: 033a24ce9b5729d42a7daec55e6e30d0,
    type: 2}
  m_PrefabInternal: {fileID: 1797290917}
  m_GameObject: {fileID: 1133596707}
  m_Enabled: 1
  m_CastShadows: 0
  m_ReceiveShadows: 0
  m_LightmapIndex: 255
  m_LightmapTilingOffset: {x: 1, y: 1, z: 0, w: 0}
  m_Materials:
  - {fileID: 10754, guid: 0000000000000000e000000000000000, type: 0}
  m_SubsetIndices: 
  m_StaticBatchRoot: {fileID: 0}
  m_UseLightProbes: 0
  m_LightProbeAnchor: {fileID: 0}
  m_ScaleInLightmap: 1
  m_SortingLayerID: 0
  m_SortingOrder: 0
  m_Sprite: {fileID: 21300000, guid: 087cb273ee3fbfd4795b92cdd97814f5, type: 3}
  m_Color: {r: 1, g: 1, b: 1, a: 1}
--- !u!114 &1133596710
MonoBehaviour:
  m_ObjectHideFlags: 0
  m_PrefabParentObject: {fileID: 11417350, guid: 033a24ce9b5729d42a7daec55e6e30d0,
    type: 2}
  m_PrefabInternal: {fileID: 1797290917}
  m_GameObject: {fileID: 1133596707}
  m_Enabled: 1
  m_EditorHideFlags: 0
  m_Script: {fileID: 11500000, guid: 6b9533a70bac2374ba0111a2a5f2fef1, type: 3}
  m_Name: 
  m_EditorClassIdentifier: 
  mIsPawnEnteringBoard: 0
  mIsPawnLeavingBoard: 0
  mDistances:
  - 0
  - 0
  - 0
  mDistancesInterval: 300
--- !u!1 &1146804130
GameObject:
  m_ObjectHideFlags: 0
  m_PrefabParentObject: {fileID: 117352, guid: 033a24ce9b5729d42a7daec55e6e30d0, type: 2}
  m_PrefabInternal: {fileID: 1797290917}
  serializedVersion: 4
  m_Component:
  - 4: {fileID: 1146804131}
  - 114: {fileID: 1146804132}
  m_Layer: 0
  m_Name: PawnManager
  m_TagString: Untagged
  m_Icon: {fileID: 0}
  m_NavMeshLayer: 0
  m_StaticEditorFlags: 0
  m_IsActive: 1
--- !u!4 &1146804131
Transform:
  m_ObjectHideFlags: 0
  m_PrefabParentObject: {fileID: 417352, guid: 033a24ce9b5729d42a7daec55e6e30d0, type: 2}
  m_PrefabInternal: {fileID: 1797290917}
  m_GameObject: {fileID: 1146804130}
  m_LocalRotation: {x: 0, y: 0, z: 0, w: 1}
  m_LocalPosition: {x: -.403433979, y: -.250013351, z: .001953125}
  m_LocalScale: {x: 1, y: 1, z: 1}
  m_Children:
  - {fileID: 2024096367}
  - {fileID: 1661216976}
  - {fileID: 1133596708}
  m_Father: {fileID: 931844207}
  m_RootOrder: 6
--- !u!114 &1146804132
MonoBehaviour:
  m_ObjectHideFlags: 0
  m_PrefabParentObject: {fileID: 11417352, guid: 033a24ce9b5729d42a7daec55e6e30d0,
    type: 2}
  m_PrefabInternal: {fileID: 1797290917}
  m_GameObject: {fileID: 1146804130}
  m_Enabled: 1
  m_EditorHideFlags: 0
  m_Script: {fileID: 11500000, guid: 689b6364a98334b468ab05198c18080a, type: 3}
  m_Name: 
  m_EditorClassIdentifier: 
--- !u!1 &1241017789
GameObject:
  m_ObjectHideFlags: 0
  m_PrefabParentObject: {fileID: 130236, guid: 033a24ce9b5729d42a7daec55e6e30d0, type: 2}
  m_PrefabInternal: {fileID: 1797290917}
  serializedVersion: 4
  m_Component:
  - 4: {fileID: 1241017790}
  m_Layer: 0
  m_Name: SceneAssets
  m_TagString: Untagged
  m_Icon: {fileID: 0}
  m_NavMeshLayer: 0
  m_StaticEditorFlags: 0
  m_IsActive: 1
--- !u!4 &1241017790
Transform:
  m_ObjectHideFlags: 0
  m_PrefabParentObject: {fileID: 430236, guid: 033a24ce9b5729d42a7daec55e6e30d0, type: 2}
  m_PrefabInternal: {fileID: 1797290917}
  m_GameObject: {fileID: 1241017789}
  m_LocalRotation: {x: 0, y: 0, z: 0, w: 1}
  m_LocalPosition: {x: 0, y: 0, z: 10}
  m_LocalScale: {x: 1, y: 1, z: 1}
  m_Children: []
  m_Father: {fileID: 1532690628}
  m_RootOrder: 3
--- !u!1 &1391808265
GameObject:
  m_ObjectHideFlags: 0
  m_PrefabParentObject: {fileID: 143392, guid: 033a24ce9b5729d42a7daec55e6e30d0, type: 2}
  m_PrefabInternal: {fileID: 1797290917}
  serializedVersion: 4
  m_Component:
  - 4: {fileID: 1391808266}
  - 108: {fileID: 1391808267}
  m_Layer: 0
  m_Name: Point light
  m_TagString: Untagged
  m_Icon: {fileID: 0}
  m_NavMeshLayer: 0
  m_StaticEditorFlags: 0
  m_IsActive: 1
--- !u!4 &1391808266
Transform:
  m_ObjectHideFlags: 0
  m_PrefabParentObject: {fileID: 443392, guid: 033a24ce9b5729d42a7daec55e6e30d0, type: 2}
  m_PrefabInternal: {fileID: 1797290917}
  m_GameObject: {fileID: 1391808265}
  m_LocalRotation: {x: 0, y: 0, z: 0, w: 1}
  m_LocalPosition: {x: 3.24746799, y: -1.55945206, z: 11.1434765}
  m_LocalScale: {x: 1, y: 1, z: 1}
  m_Children: []
  m_Father: {fileID: 1608616377}
  m_RootOrder: 1
--- !u!108 &1391808267
Light:
  m_ObjectHideFlags: 0
  m_PrefabParentObject: {fileID: 10843392, guid: 033a24ce9b5729d42a7daec55e6e30d0,
    type: 2}
  m_PrefabInternal: {fileID: 1797290917}
  m_GameObject: {fileID: 1391808265}
  m_Enabled: 1
  serializedVersion: 3
  m_Type: 2
  m_Color: {r: .742647052, g: .25665006, b: .25665006, a: 1}
  m_Intensity: 1
  m_Range: 10.1024551
  m_SpotAngle: 30
  m_CookieSize: 10
  m_Shadows:
    m_Type: 0
    m_Resolution: -1
    m_Strength: 1
    m_Bias: .0500000007
    m_Softness: 4
    m_SoftnessFade: 1
  m_Cookie: {fileID: 0}
  m_DrawHalo: 0
  m_ActuallyLightmapped: 0
  m_Flare: {fileID: 0}
  m_RenderMode: 0
  m_CullingMask:
    serializedVersion: 2
    m_Bits: 4294967295
  m_Lightmapping: 1
  m_ShadowSamples: 1
  m_ShadowRadius: 0
  m_ShadowAngle: 0
  m_IndirectIntensity: 1
  m_AreaSize: {x: 1, y: 1}
--- !u!1 &1486079793
GameObject:
  m_ObjectHideFlags: 0
  m_PrefabParentObject: {fileID: 148556, guid: 033a24ce9b5729d42a7daec55e6e30d0, type: 2}
  m_PrefabInternal: {fileID: 1797290917}
  serializedVersion: 4
  m_Component:
  - 4: {fileID: 1486079794}
  - 114: {fileID: 1486079795}
  m_Layer: 0
  m_Name: AccessibilityManager
  m_TagString: Untagged
  m_Icon: {fileID: 0}
  m_NavMeshLayer: 0
  m_StaticEditorFlags: 0
  m_IsActive: 1
--- !u!4 &1486079794
Transform:
  m_ObjectHideFlags: 0
  m_PrefabParentObject: {fileID: 448556, guid: 033a24ce9b5729d42a7daec55e6e30d0, type: 2}
  m_PrefabInternal: {fileID: 1797290917}
  m_GameObject: {fileID: 1486079793}
  m_LocalRotation: {x: 0, y: 0, z: 0, w: 1}
  m_LocalPosition: {x: -2.09963417, y: -.98794049, z: -2.1484375}
  m_LocalScale: {x: 1, y: 1, z: 1}
  m_Children: []
  m_Father: {fileID: 931844207}
  m_RootOrder: 9
--- !u!114 &1486079795
MonoBehaviour:
  m_ObjectHideFlags: 0
  m_PrefabParentObject: {fileID: 11448556, guid: 033a24ce9b5729d42a7daec55e6e30d0,
    type: 2}
  m_PrefabInternal: {fileID: 1797290917}
  m_GameObject: {fileID: 1486079793}
  m_Enabled: 1
  m_EditorHideFlags: 0
  m_Script: {fileID: 11500000, guid: 3404f1414d078484d9fb4ba8b0c35b68, type: 3}
  m_Name: 
  m_EditorClassIdentifier: 
--- !u!1 &1505976251
GameObject:
  m_ObjectHideFlags: 0
  m_PrefabParentObject: {fileID: 131504, guid: 033a24ce9b5729d42a7daec55e6e30d0, type: 2}
  m_PrefabInternal: {fileID: 1797290917}
  serializedVersion: 4
  m_Component:
  - 4: {fileID: 1505976252}
  - 20: {fileID: 1505976257}
  - 92: {fileID: 1505976256}
  - 124: {fileID: 1505976255}
  - 81: {fileID: 1505976254}
  - 114: {fileID: 1505976253}
  m_Layer: 0
  m_Name: Main Camera
  m_TagString: MainCamera
  m_Icon: {fileID: 0}
  m_NavMeshLayer: 0
  m_StaticEditorFlags: 0
  m_IsActive: 1
--- !u!4 &1505976252
Transform:
  m_ObjectHideFlags: 0
  m_PrefabParentObject: {fileID: 431504, guid: 033a24ce9b5729d42a7daec55e6e30d0, type: 2}
  m_PrefabInternal: {fileID: 1797290917}
  m_GameObject: {fileID: 1505976251}
  m_LocalRotation: {x: 0, y: 0, z: 0, w: 1}
  m_LocalPosition: {x: 0, y: 0, z: 0}
  m_LocalScale: {x: 1, y: 1, z: 1}
  m_Children: []
  m_Father: {fileID: 931844207}
  m_RootOrder: 0
--- !u!114 &1505976253
MonoBehaviour:
  m_ObjectHideFlags: 0
  m_PrefabParentObject: {fileID: 11431502, guid: 033a24ce9b5729d42a7daec55e6e30d0,
    type: 2}
  m_PrefabInternal: {fileID: 1797290917}
  m_GameObject: {fileID: 1505976251}
  m_Enabled: 1
  m_EditorHideFlags: 0
  m_Script: {fileID: 11500000, guid: f0a876a1782e4794d98c7ac49e28865c, type: 3}
  m_Name: 
  m_EditorClassIdentifier: 
  mDisplayBounds: 0
--- !u!81 &1505976254
AudioListener:
  m_ObjectHideFlags: 0
  m_PrefabParentObject: {fileID: 8131506, guid: 033a24ce9b5729d42a7daec55e6e30d0,
    type: 2}
  m_PrefabInternal: {fileID: 1797290917}
  m_GameObject: {fileID: 1505976251}
  m_Enabled: 1
--- !u!124 &1505976255
Behaviour:
  m_ObjectHideFlags: 0
  m_PrefabParentObject: {fileID: 12431506, guid: 033a24ce9b5729d42a7daec55e6e30d0,
    type: 2}
  m_PrefabInternal: {fileID: 1797290917}
  m_GameObject: {fileID: 1505976251}
  m_Enabled: 1
--- !u!92 &1505976256
Behaviour:
  m_ObjectHideFlags: 0
  m_PrefabParentObject: {fileID: 9231506, guid: 033a24ce9b5729d42a7daec55e6e30d0,
    type: 2}
  m_PrefabInternal: {fileID: 1797290917}
  m_GameObject: {fileID: 1505976251}
  m_Enabled: 1
--- !u!20 &1505976257
Camera:
  m_ObjectHideFlags: 0
  m_PrefabParentObject: {fileID: 2031506, guid: 033a24ce9b5729d42a7daec55e6e30d0,
    type: 2}
  m_PrefabInternal: {fileID: 1797290917}
  m_GameObject: {fileID: 1505976251}
  m_Enabled: 1
  serializedVersion: 2
  m_ClearFlags: 1
  m_BackGroundColor: {r: .192156866, g: .301960796, b: .474509805, a: .0196078438}
  m_NormalizedViewPortRect:
    serializedVersion: 2
    x: .0203155875
    y: 0
    width: .959368825
    height: 1
  near clip plane: .300000012
  far clip plane: 1000
  field of view: 60
  orthographic: 1
  orthographic size: 5
  m_Depth: -1
  m_CullingMask:
    serializedVersion: 2
    m_Bits: 4294967295
  m_RenderingPath: -1
  m_TargetTexture: {fileID: 0}
  m_TargetDisplay: 0
  m_HDR: 0
  m_OcclusionCulling: 1
  m_StereoConvergence: 10
  m_StereoSeparation: .0219999999
--- !u!1 &1532690627
GameObject:
  m_ObjectHideFlags: 0
  m_PrefabParentObject: {fileID: 101918, guid: 033a24ce9b5729d42a7daec55e6e30d0, type: 2}
  m_PrefabInternal: {fileID: 1797290917}
  serializedVersion: 4
  m_Component:
  - 4: {fileID: 1532690628}
  - 114: {fileID: 1532690629}
  m_Layer: 0
  m_Name: GameSceneEssential
  m_TagString: Untagged
  m_Icon: {fileID: 0}
  m_NavMeshLayer: 0
  m_StaticEditorFlags: 0
  m_IsActive: 1
--- !u!4 &1532690628
Transform:
  m_ObjectHideFlags: 0
  m_PrefabParentObject: {fileID: 401918, guid: 033a24ce9b5729d42a7daec55e6e30d0, type: 2}
  m_PrefabInternal: {fileID: 1797290917}
  m_GameObject: {fileID: 1532690627}
  m_LocalRotation: {x: 0, y: 0, z: 0, w: 1}
  m_LocalPosition: {x: 0, y: 0, z: 0}
  m_LocalScale: {x: 1, y: 1, z: 1}
  m_Children:
  - {fileID: 931844207}
  - {fileID: 1565865801}
  - {fileID: 1608616377}
  - {fileID: 1241017790}
  m_Father: {fileID: 0}
  m_RootOrder: 0
--- !u!114 &1532690629
MonoBehaviour:
  m_ObjectHideFlags: 0
  m_PrefabParentObject: {fileID: 11430236, guid: 033a24ce9b5729d42a7daec55e6e30d0,
    type: 2}
  m_PrefabInternal: {fileID: 1797290917}
  m_GameObject: {fileID: 1532690627}
  m_Enabled: 1
  m_EditorHideFlags: 0
  m_Script: {fileID: 11500000, guid: 9d0106e9d1f7f9f418afda85dee13d03, type: 3}
  m_Name: 
  m_EditorClassIdentifier: 
--- !u!1 &1565865800
GameObject:
  m_ObjectHideFlags: 0
  m_PrefabParentObject: {fileID: 198974, guid: 033a24ce9b5729d42a7daec55e6e30d0, type: 2}
  m_PrefabInternal: {fileID: 1797290917}
  serializedVersion: 4
  m_Component:
  - 4: {fileID: 1565865801}
  m_Layer: 0
  m_Name: Objectives
  m_TagString: Untagged
  m_Icon: {fileID: 0}
  m_NavMeshLayer: 0
  m_StaticEditorFlags: 0
  m_IsActive: 1
--- !u!4 &1565865801
Transform:
  m_ObjectHideFlags: 0
  m_PrefabParentObject: {fileID: 498974, guid: 033a24ce9b5729d42a7daec55e6e30d0, type: 2}
  m_PrefabInternal: {fileID: 1797290917}
  m_GameObject: {fileID: 1565865800}
  m_LocalRotation: {x: 0, y: 0, z: 0, w: 1}
  m_LocalPosition: {x: 0, y: 0, z: 0}
  m_LocalScale: {x: 1, y: 1, z: 1}
  m_Children: []
  m_Father: {fileID: 1532690628}
  m_RootOrder: 1
--- !u!1 &1608616376
GameObject:
  m_ObjectHideFlags: 0
  m_PrefabParentObject: {fileID: 198978, guid: 033a24ce9b5729d42a7daec55e6e30d0, type: 2}
  m_PrefabInternal: {fileID: 1797290917}
  serializedVersion: 4
  m_Component:
  - 4: {fileID: 1608616377}
  m_Layer: 0
  m_Name: SceneRoot
  m_TagString: Untagged
  m_Icon: {fileID: 0}
  m_NavMeshLayer: 0
  m_StaticEditorFlags: 0
  m_IsActive: 1
--- !u!4 &1608616377
Transform:
  m_ObjectHideFlags: 0
  m_PrefabParentObject: {fileID: 498978, guid: 033a24ce9b5729d42a7daec55e6e30d0, type: 2}
  m_PrefabInternal: {fileID: 1797290917}
  m_GameObject: {fileID: 1608616376}
  m_LocalRotation: {x: 0, y: 0, z: 0, w: 1}
  m_LocalPosition: {x: 0, y: 0, z: 0}
  m_LocalScale: {x: 1, y: 1, z: 1}
  m_Children:
  - {fileID: 318160891}
  - {fileID: 1391808266}
  - {fileID: 2061701971}
  - {fileID: 380783455}
  - {fileID: 2114930673}
  m_Father: {fileID: 1532690628}
  m_RootOrder: 2
--- !u!1 &1661216975
GameObject:
  m_ObjectHideFlags: 0
  m_PrefabParentObject: {fileID: 117346, guid: 033a24ce9b5729d42a7daec55e6e30d0, type: 2}
  m_PrefabInternal: {fileID: 1797290917}
  serializedVersion: 4
  m_Component:
  - 4: {fileID: 1661216976}
  - 114: {fileID: 1661216978}
  - 212: {fileID: 1661216977}
  m_Layer: 0
  m_Name: PawnPlayerB
  m_TagString: Untagged
  m_Icon: {fileID: 0}
  m_NavMeshLayer: 0
  m_StaticEditorFlags: 0
  m_IsActive: 1
--- !u!4 &1661216976
Transform:
  m_ObjectHideFlags: 0
  m_PrefabParentObject: {fileID: 417346, guid: 033a24ce9b5729d42a7daec55e6e30d0, type: 2}
  m_PrefabInternal: {fileID: 1797290917}
  m_GameObject: {fileID: 1661216975}
  m_LocalRotation: {x: 0, y: 0, z: 0, w: 1}
  m_LocalPosition: {x: 0, y: -0, z: 0}
  m_LocalScale: {x: 1, y: 1, z: 1}
  m_Children: []
  m_Father: {fileID: 1146804131}
  m_RootOrder: 1
--- !u!212 &1661216977
SpriteRenderer:
  m_ObjectHideFlags: 0
  m_PrefabParentObject: {fileID: 21224226, guid: 033a24ce9b5729d42a7daec55e6e30d0,
    type: 2}
  m_PrefabInternal: {fileID: 1797290917}
  m_GameObject: {fileID: 1661216975}
  m_Enabled: 1
  m_CastShadows: 0
  m_ReceiveShadows: 0
  m_LightmapIndex: 255
  m_LightmapTilingOffset: {x: 1, y: 1, z: 0, w: 0}
  m_Materials:
  - {fileID: 10754, guid: 0000000000000000e000000000000000, type: 0}
  m_SubsetIndices: 
  m_StaticBatchRoot: {fileID: 0}
  m_UseLightProbes: 0
  m_LightProbeAnchor: {fileID: 0}
  m_ScaleInLightmap: 1
  m_SortingLayerID: 0
  m_SortingOrder: 0
  m_Sprite: {fileID: 21300000, guid: 087cb273ee3fbfd4795b92cdd97814f5, type: 3}
  m_Color: {r: 1, g: 1, b: 1, a: 1}
--- !u!114 &1661216978
MonoBehaviour:
  m_ObjectHideFlags: 0
  m_PrefabParentObject: {fileID: 11417346, guid: 033a24ce9b5729d42a7daec55e6e30d0,
    type: 2}
  m_PrefabInternal: {fileID: 1797290917}
  m_GameObject: {fileID: 1661216975}
  m_Enabled: 1
  m_EditorHideFlags: 0
  m_Script: {fileID: 11500000, guid: 6b9533a70bac2374ba0111a2a5f2fef1, type: 3}
  m_Name: 
  m_EditorClassIdentifier: 
  mIsPawnEnteringBoard: 0
  mIsPawnLeavingBoard: 0
  mDistances:
  - 0
  - 0
  - 0
  mDistancesInterval: 300
--- !u!1 &1719976470
GameObject:
  m_ObjectHideFlags: 0
  m_PrefabParentObject: {fileID: 130238, guid: 033a24ce9b5729d42a7daec55e6e30d0, type: 2}
  m_PrefabInternal: {fileID: 1797290917}
  serializedVersion: 4
  m_Component:
  - 4: {fileID: 1719976471}
  - 114: {fileID: 1719976472}
  m_Layer: 0
  m_Name: GridEditor
  m_TagString: Untagged
  m_Icon: {fileID: 0}
  m_NavMeshLayer: 0
  m_StaticEditorFlags: 0
  m_IsActive: 1
--- !u!4 &1719976471
Transform:
  m_ObjectHideFlags: 0
  m_PrefabParentObject: {fileID: 430238, guid: 033a24ce9b5729d42a7daec55e6e30d0, type: 2}
  m_PrefabInternal: {fileID: 1797290917}
  m_GameObject: {fileID: 1719976470}
  m_LocalRotation: {x: 0, y: 0, z: 0, w: 1}
  m_LocalPosition: {x: 0, y: 0, z: 0}
  m_LocalScale: {x: 1, y: 1, z: 1}
  m_Children: []
  m_Father: {fileID: 931844207}
  m_RootOrder: 5
--- !u!114 &1719976472
MonoBehaviour:
  m_ObjectHideFlags: 0
  m_PrefabParentObject: {fileID: 11430238, guid: 033a24ce9b5729d42a7daec55e6e30d0,
    type: 2}
  m_PrefabInternal: {fileID: 1797290917}
  m_GameObject: {fileID: 1719976470}
  m_Enabled: 1
  m_EditorHideFlags: 0
  m_Script: {fileID: 11500000, guid: 670ce2be69334944e96db5f4f84e5550, type: 3}
  m_Name: 
  m_EditorClassIdentifier: 
  _sceneAssets: {fileID: 1241017789}
  _groundAsset: {fileID: 137588, guid: 2987e453620895644aacc19cb462ef77, type: 2}
  _blockAsset: {fileID: 149824, guid: c6f5023c83de79e41ba90f59ee49cba9, type: 2}
--- !u!1 &1765478744
GameObject:
  m_ObjectHideFlags: 0
  m_PrefabParentObject: {fileID: 101916, guid: 033a24ce9b5729d42a7daec55e6e30d0, type: 2}
  m_PrefabInternal: {fileID: 1797290917}
  serializedVersion: 4
  m_Component:
  - 4: {fileID: 1765478745}
  - 114: {fileID: 1765478747}
  - 114: {fileID: 1765478746}
  m_Layer: 0
  m_Name: GameManager
  m_TagString: Untagged
  m_Icon: {fileID: 0}
  m_NavMeshLayer: 0
  m_StaticEditorFlags: 0
  m_IsActive: 1
--- !u!4 &1765478745
Transform:
  m_ObjectHideFlags: 0
  m_PrefabParentObject: {fileID: 401916, guid: 033a24ce9b5729d42a7daec55e6e30d0, type: 2}
  m_PrefabInternal: {fileID: 1797290917}
  m_GameObject: {fileID: 1765478744}
  m_LocalRotation: {x: 0, y: 0, z: 0, w: 1}
  m_LocalPosition: {x: -.99509877, y: -.303038597, z: -12.1484375}
  m_LocalScale: {x: 1, y: 1, z: 1}
  m_Children: []
  m_Father: {fileID: 931844207}
  m_RootOrder: 3
--- !u!114 &1765478746
MonoBehaviour:
  m_ObjectHideFlags: 0
  m_PrefabParentObject: {fileID: 11401918, guid: 033a24ce9b5729d42a7daec55e6e30d0,
    type: 2}
  m_PrefabInternal: {fileID: 1797290917}
  m_GameObject: {fileID: 1765478744}
  m_Enabled: 1
  m_EditorHideFlags: 0
  m_Script: {fileID: 11500000, guid: edb87a239378cb742a56ae637458c344, type: 3}
  m_Name: 
  m_EditorClassIdentifier: 
  mAutomatic: 0
--- !u!114 &1765478747
MonoBehaviour:
  m_ObjectHideFlags: 0
  m_PrefabParentObject: {fileID: 11401916, guid: 033a24ce9b5729d42a7daec55e6e30d0,
    type: 2}
  m_PrefabInternal: {fileID: 1797290917}
  m_GameObject: {fileID: 1765478744}
  m_Enabled: 1
  m_EditorHideFlags: 0
  m_Script: {fileID: 11500000, guid: 0cfa82f5a68dfdd4ea924fe62581b7b0, type: 3}
  m_Name: 
  m_EditorClassIdentifier: 
  _waitNextFrame: 0
--- !u!1001 &1797290917
Prefab:
  m_ObjectHideFlags: 0
  serializedVersion: 2
  m_Modification:
    m_TransformParent: {fileID: 0}
    m_Modifications:
    - target: {fileID: 401918, guid: 033a24ce9b5729d42a7daec55e6e30d0, type: 2}
      propertyPath: m_LocalPosition.x
      value: 0
      objectReference: {fileID: 0}
    - target: {fileID: 401918, guid: 033a24ce9b5729d42a7daec55e6e30d0, type: 2}
      propertyPath: m_LocalPosition.y
      value: 0
      objectReference: {fileID: 0}
    - target: {fileID: 401918, guid: 033a24ce9b5729d42a7daec55e6e30d0, type: 2}
      propertyPath: m_LocalPosition.z
      value: 0
      objectReference: {fileID: 0}
    - target: {fileID: 401918, guid: 033a24ce9b5729d42a7daec55e6e30d0, type: 2}
      propertyPath: m_LocalRotation.x
      value: 0
      objectReference: {fileID: 0}
    - target: {fileID: 401918, guid: 033a24ce9b5729d42a7daec55e6e30d0, type: 2}
      propertyPath: m_LocalRotation.y
      value: 0
      objectReference: {fileID: 0}
    - target: {fileID: 401918, guid: 033a24ce9b5729d42a7daec55e6e30d0, type: 2}
      propertyPath: m_LocalRotation.z
      value: 0
      objectReference: {fileID: 0}
    - target: {fileID: 401918, guid: 033a24ce9b5729d42a7daec55e6e30d0, type: 2}
      propertyPath: m_LocalRotation.w
      value: 1
      objectReference: {fileID: 0}
    - target: {fileID: 401918, guid: 033a24ce9b5729d42a7daec55e6e30d0, type: 2}
      propertyPath: m_RootOrder
      value: 0
      objectReference: {fileID: 0}
    - target: {fileID: 14813356, guid: 033a24ce9b5729d42a7daec55e6e30d0, type: 2}
      propertyPath: m_ViewID.m_ID
      value: 1
      objectReference: {fileID: 0}
    - target: {fileID: 14813356, guid: 033a24ce9b5729d42a7daec55e6e30d0, type: 2}
      propertyPath: m_ViewID.m_Type
      value: 1
      objectReference: {fileID: 0}
    m_RemovedComponents: []
  m_ParentPrefab: {fileID: 100100000, guid: 033a24ce9b5729d42a7daec55e6e30d0, type: 2}
  m_RootGameObject: {fileID: 1532690627}
  m_IsPrefabParent: 0
  m_IsExploded: 1
--- !u!1 &1814998049
GameObject:
  m_ObjectHideFlags: 0
  m_PrefabParentObject: {fileID: 158990, guid: 033a24ce9b5729d42a7daec55e6e30d0, type: 2}
  m_PrefabInternal: {fileID: 1797290917}
  serializedVersion: 4
  m_Component:
  - 4: {fileID: 1814998050}
  - 20: {fileID: 1814998053}
  - 124: {fileID: 1814998052}
  - 92: {fileID: 1814998051}
  m_Layer: 0
  m_Name: Camera
  m_TagString: Untagged
  m_Icon: {fileID: 0}
  m_NavMeshLayer: 0
  m_StaticEditorFlags: 0
  m_IsActive: 1
--- !u!4 &1814998050
Transform:
  m_ObjectHideFlags: 0
  m_PrefabParentObject: {fileID: 458990, guid: 033a24ce9b5729d42a7daec55e6e30d0, type: 2}
  m_PrefabInternal: {fileID: 1797290917}
  m_GameObject: {fileID: 1814998049}
  m_LocalRotation: {x: 0, y: 0, z: 0, w: 1}
  m_LocalPosition: {x: 7.56802034, y: 3.08552814, z: -3.09570312}
  m_LocalScale: {x: 1, y: 1, z: 1}
  m_Children: []
  m_Father: {fileID: 931844207}
  m_RootOrder: 1
--- !u!92 &1814998051
Behaviour:
  m_ObjectHideFlags: 0
  m_PrefabParentObject: {fileID: 9258990, guid: 033a24ce9b5729d42a7daec55e6e30d0,
    type: 2}
  m_PrefabInternal: {fileID: 1797290917}
  m_GameObject: {fileID: 1814998049}
  m_Enabled: 1
--- !u!124 &1814998052
Behaviour:
  m_ObjectHideFlags: 0
  m_PrefabParentObject: {fileID: 12458990, guid: 033a24ce9b5729d42a7daec55e6e30d0,
    type: 2}
  m_PrefabInternal: {fileID: 1797290917}
  m_GameObject: {fileID: 1814998049}
  m_Enabled: 1
--- !u!20 &1814998053
Camera:
  m_ObjectHideFlags: 0
  m_PrefabParentObject: {fileID: 2058990, guid: 033a24ce9b5729d42a7daec55e6e30d0,
    type: 2}
  m_PrefabInternal: {fileID: 1797290917}
  m_GameObject: {fileID: 1814998049}
  m_Enabled: 1
  serializedVersion: 2
  m_ClearFlags: 2
  m_BackGroundColor: {r: 0, g: 0, b: 0, a: .0196078438}
  m_NormalizedViewPortRect:
    serializedVersion: 2
    x: 0
    y: 0
    width: 1
    height: 1
  near clip plane: .300000012
  far clip plane: 1000
  field of view: 60
  orthographic: 0
  orthographic size: 5
  m_Depth: -2
  m_CullingMask:
    serializedVersion: 2
    m_Bits: 0
  m_RenderingPath: -1
  m_TargetTexture: {fileID: 0}
  m_TargetDisplay: 0
  m_HDR: 0
  m_OcclusionCulling: 1
  m_StereoConvergence: 10
  m_StereoSeparation: .0219999999
--- !u!1 &1980357450
GameObject:
  m_ObjectHideFlags: 0
  m_PrefabParentObject: {fileID: 131506, guid: 033a24ce9b5729d42a7daec55e6e30d0, type: 2}
  m_PrefabInternal: {fileID: 1797290917}
  serializedVersion: 4
  m_Component:
  - 4: {fileID: 1980357451}
  - 114: {fileID: 1980357453}
  - 114: {fileID: 1980357452}
  m_Layer: 0
  m_Name: GridManager
  m_TagString: Untagged
  m_Icon: {fileID: 0}
  m_NavMeshLayer: 0
  m_StaticEditorFlags: 0
  m_IsActive: 1
--- !u!4 &1980357451
Transform:
  m_ObjectHideFlags: 0
  m_PrefabParentObject: {fileID: 431506, guid: 033a24ce9b5729d42a7daec55e6e30d0, type: 2}
  m_PrefabInternal: {fileID: 1797290917}
  m_GameObject: {fileID: 1980357450}
  m_LocalRotation: {x: 0, y: 0, z: 0, w: 1}
  m_LocalPosition: {x: 0, y: 0, z: 0}
  m_LocalScale: {x: 1, y: 1, z: 1}
  m_Children: []
  m_Father: {fileID: 931844207}
  m_RootOrder: 4
--- !u!114 &1980357452
MonoBehaviour:
  m_ObjectHideFlags: 0
  m_PrefabParentObject: {fileID: 11431506, guid: 033a24ce9b5729d42a7daec55e6e30d0,
    type: 2}
  m_PrefabInternal: {fileID: 1797290917}
  m_GameObject: {fileID: 1980357450}
  m_Enabled: 1
  m_EditorHideFlags: 0
  m_Script: {fileID: 11500000, guid: 4cbdb16f1b3c061429d1359cf8373d71, type: 3}
  m_Name: 
  m_EditorClassIdentifier: 
  _lineWidth: 2
  _lineColor: {r: 1, g: 1, b: 1, a: .568627477}
  _borderLinesDrawn: 0
  _visible: 0
--- !u!114 &1980357453
MonoBehaviour:
  m_ObjectHideFlags: 0
  m_PrefabParentObject: {fileID: 11431504, guid: 033a24ce9b5729d42a7daec55e6e30d0,
    type: 2}
  m_PrefabInternal: {fileID: 1797290917}
  m_GameObject: {fileID: 1980357450}
  m_Enabled: 1
  m_EditorHideFlags: 0
  m_Script: {fileID: 11500000, guid: 7abd78022162627409c7ba916f8634ae, type: 3}
  m_Name: 
  m_EditorClassIdentifier: 
  _width: 11
  _height: 7
  mSceneRoot: {fileID: 1608616376}
--- !u!1 &2024096366
GameObject:
  m_ObjectHideFlags: 0
  m_PrefabParentObject: {fileID: 117348, guid: 033a24ce9b5729d42a7daec55e6e30d0, type: 2}
  m_PrefabInternal: {fileID: 1797290917}
  serializedVersion: 4
  m_Component:
  - 4: {fileID: 2024096367}
  - 114: {fileID: 2024096369}
  - 212: {fileID: 2024096368}
  m_Layer: 0
  m_Name: PawnPlayerA
  m_TagString: Untagged
  m_Icon: {fileID: 0}
  m_NavMeshLayer: 0
  m_StaticEditorFlags: 0
  m_IsActive: 1
--- !u!4 &2024096367
Transform:
  m_ObjectHideFlags: 0
  m_PrefabParentObject: {fileID: 417348, guid: 033a24ce9b5729d42a7daec55e6e30d0, type: 2}
  m_PrefabInternal: {fileID: 1797290917}
  m_GameObject: {fileID: 2024096366}
  m_LocalRotation: {x: 0, y: 0, z: 0, w: 1}
  m_LocalPosition: {x: 0, y: 0, z: 0}
  m_LocalScale: {x: 1, y: 1, z: 1}
  m_Children: []
  m_Father: {fileID: 1146804131}
  m_RootOrder: 0
--- !u!212 &2024096368
SpriteRenderer:
  m_ObjectHideFlags: 0
  m_PrefabParentObject: {fileID: 21224228, guid: 033a24ce9b5729d42a7daec55e6e30d0,
    type: 2}
  m_PrefabInternal: {fileID: 1797290917}
  m_GameObject: {fileID: 2024096366}
  m_Enabled: 1
  m_CastShadows: 0
  m_ReceiveShadows: 0
  m_LightmapIndex: 255
  m_LightmapTilingOffset: {x: 1, y: 1, z: 0, w: 0}
  m_Materials:
  - {fileID: 10754, guid: 0000000000000000e000000000000000, type: 0}
  m_SubsetIndices: 
  m_StaticBatchRoot: {fileID: 0}
  m_UseLightProbes: 0
  m_LightProbeAnchor: {fileID: 0}
  m_ScaleInLightmap: 1
  m_SortingLayerID: 0
  m_SortingOrder: 0
  m_Sprite: {fileID: 21300000, guid: 087cb273ee3fbfd4795b92cdd97814f5, type: 3}
  m_Color: {r: 1, g: 1, b: 1, a: 1}
--- !u!114 &2024096369
MonoBehaviour:
  m_ObjectHideFlags: 0
  m_PrefabParentObject: {fileID: 11417348, guid: 033a24ce9b5729d42a7daec55e6e30d0,
    type: 2}
  m_PrefabInternal: {fileID: 1797290917}
  m_GameObject: {fileID: 2024096366}
  m_Enabled: 1
  m_EditorHideFlags: 0
  m_Script: {fileID: 11500000, guid: 6b9533a70bac2374ba0111a2a5f2fef1, type: 3}
  m_Name: 
  m_EditorClassIdentifier: 
  mIsPawnEnteringBoard: 0
  mIsPawnLeavingBoard: 0
  mDistances:
  - 0
  - 0
  - 0
  mDistancesInterval: 300
--- !u!1 &2061701970
GameObject:
  m_ObjectHideFlags: 0
  m_PrefabParentObject: {fileID: 143390, guid: 033a24ce9b5729d42a7daec55e6e30d0, type: 2}
  m_PrefabInternal: {fileID: 1797290917}
  serializedVersion: 4
  m_Component:
  - 4: {fileID: 2061701971}
  - 108: {fileID: 2061701972}
  m_Layer: 0
  m_Name: Point light
  m_TagString: Untagged
  m_Icon: {fileID: 0}
  m_NavMeshLayer: 0
  m_StaticEditorFlags: 0
  m_IsActive: 1
--- !u!4 &2061701971
Transform:
  m_ObjectHideFlags: 0
  m_PrefabParentObject: {fileID: 443390, guid: 033a24ce9b5729d42a7daec55e6e30d0, type: 2}
  m_PrefabInternal: {fileID: 1797290917}
  m_GameObject: {fileID: 2061701970}
  m_LocalRotation: {x: 0, y: 0, z: 0, w: 1}
  m_LocalPosition: {x: -3.512532, y: -1.7594521, z: 11.1434765}
  m_LocalScale: {x: 1, y: 1, z: 1}
  m_Children: []
  m_Father: {fileID: 1608616377}
  m_RootOrder: 2
--- !u!108 &2061701972
Light:
  m_ObjectHideFlags: 0
  m_PrefabParentObject: {fileID: 10843390, guid: 033a24ce9b5729d42a7daec55e6e30d0,
    type: 2}
  m_PrefabInternal: {fileID: 1797290917}
  m_GameObject: {fileID: 2061701970}
  m_Enabled: 1
  serializedVersion: 3
  m_Type: 2
  m_Color: {r: .742647052, g: .25665006, b: .25665006, a: 1}
  m_Intensity: 1
  m_Range: 10.1024551
  m_SpotAngle: 30
  m_CookieSize: 10
  m_Shadows:
    m_Type: 0
    m_Resolution: -1
    m_Strength: 1
    m_Bias: .0500000007
    m_Softness: 4
    m_SoftnessFade: 1
  m_Cookie: {fileID: 0}
  m_DrawHalo: 0
  m_ActuallyLightmapped: 0
  m_Flare: {fileID: 0}
  m_RenderMode: 0
  m_CullingMask:
    serializedVersion: 2
    m_Bits: 4294967295
  m_Lightmapping: 1
  m_ShadowSamples: 1
  m_ShadowRadius: 0
  m_ShadowAngle: 0
  m_IndirectIntensity: 1
  m_AreaSize: {x: 1, y: 1}
--- !u!1 &2114930672
GameObject:
  m_ObjectHideFlags: 0
  m_PrefabParentObject: {fileID: 143386, guid: 033a24ce9b5729d42a7daec55e6e30d0, type: 2}
  m_PrefabInternal: {fileID: 1797290917}
  serializedVersion: 4
  m_Component:
  - 4: {fileID: 2114930673}
  - 108: {fileID: 2114930674}
  m_Layer: 0
  m_Name: Point light
  m_TagString: Untagged
  m_Icon: {fileID: 0}
  m_NavMeshLayer: 0
  m_StaticEditorFlags: 0
  m_IsActive: 1
--- !u!4 &2114930673
Transform:
  m_ObjectHideFlags: 0
  m_PrefabParentObject: {fileID: 443388, guid: 033a24ce9b5729d42a7daec55e6e30d0, type: 2}
  m_PrefabInternal: {fileID: 1797290917}
  m_GameObject: {fileID: 2114930672}
  m_LocalRotation: {x: 0, y: 0, z: 0, w: 1}
  m_LocalPosition: {x: .0600000024, y: .159999996, z: -1.14999962}
  m_LocalScale: {x: 1, y: 1, z: 1}
  m_Children: []
  m_Father: {fileID: 1608616377}
  m_RootOrder: 4
--- !u!108 &2114930674
Light:
  m_ObjectHideFlags: 0
  m_PrefabParentObject: {fileID: 10843388, guid: 033a24ce9b5729d42a7daec55e6e30d0,
    type: 2}
  m_PrefabInternal: {fileID: 1797290917}
  m_GameObject: {fileID: 2114930672}
  m_Enabled: 1
  serializedVersion: 3
  m_Type: 2
  m_Color: {r: .742647052, g: .25665006, b: .25665006, a: 1}
  m_Intensity: 1
  m_Range: 10.1024551
  m_SpotAngle: 30
  m_CookieSize: 10
  m_Shadows:
    m_Type: 0
    m_Resolution: -1
    m_Strength: 1
    m_Bias: .0500000007
    m_Softness: 4
    m_SoftnessFade: 1
  m_Cookie: {fileID: 0}
  m_DrawHalo: 0
  m_ActuallyLightmapped: 0
  m_Flare: {fileID: 0}
  m_RenderMode: 0
  m_CullingMask:
    serializedVersion: 2
    m_Bits: 4294967295
  m_Lightmapping: 1
  m_ShadowSamples: 1
  m_ShadowRadius: 0
  m_ShadowAngle: 0
  m_IndirectIntensity: 1
  m_AreaSize: {x: 1, y: 1}
